<record><leader>00000cas a22000007a 4500</leader><controlfield tag="001">18547471</controlfield><controlfield tag="008">880930d18581862mduwr ne      0    0eng d</controlfield><datafield ind1=" " ind2=" " tag="010"><subfield code="a">sn 88065075 </subfield></datafield><datafield ind1=" " ind2=" " tag="040"><subfield code="a">MFN</subfield><subfield code="b">eng</subfield><subfield code="c">MFN</subfield><subfield code="d">OCLCQ</subfield></datafield><datafield ind1=" " ind2=" " tag="042"><subfield code="a">msc</subfield></datafield><datafield ind1="0" ind2="0" tag="245"><subfield code="a">Baltimore County American.</subfield></datafield><datafield ind1=" " ind2=" " tag="260"><subfield code="a">Towsontown, Md. :</subfield><subfield code="b">W. Bouldin</subfield></datafield><datafield ind1=" " ind2=" " tag="300"><subfield code="a">v.</subfield></datafield><datafield ind1=" " ind2=" " tag="310"><subfield code="a">Weekly</subfield></datafield><datafield ind1="1" ind2=" " tag="362"><subfield code="a">Began in 1858; ceased in 1862?</subfield></datafield><datafield ind1=" " ind2=" " tag="588"><subfield code="a">Description based on: Vol. 1, no. 9 (Nov. 13, 1858).</subfield></datafield><datafield ind1=" " ind2=" " tag="752"><subfield code="a">United States</subfield><subfield code="b">Maryland</subfield><subfield code="c">Baltimore</subfield><subfield code="d">Towson.</subfield></datafield><datafield ind1="0" ind2="0" tag="785"><subfield code="t">American (Towson, Md.)</subfield><subfield code="w">(DLC)sn 83016402</subfield></datafield></record>